% BMC References
% =========================================================

@article{seeger2008information,
  title={Information consistency of nonparametric Gaussian process methods},
  author={Seeger, M.W. and Kakade, S.M. and Foster, D.P.},
  journal={Information Theory, IEEE Transactions on},
  volume={54},
  number={5},
  pages={2376--2382},
  year={2008},
  publisher={IEEE}
}

@incollection{NIPS2008_0240,
 title = {The {G}aussian Process Density Sampler},
 author = {Ryan Prescott Adams and Iain Murray and David J. C. MacKay},
 booktitle = {Advances in Neural Information Processing Systems 21},
 editor = {D. Koller and D. Schuurmans and Y. Bengio and L. Bottou},
 pages = {9--16},
 year = {2009}
}

@article{rasmussen38gaussian,
  title={{Gaussian Processes for Machine Learning}},
  author={Rasmussen, C.E. and Williams, CKI},
  journal={The MIT Press, Cambridge, MA, USA},
  volume={38},
  year={2006},
  pages={715--719}
}

@article{jones2006fixed,
  title={{Fixed-width output analysis for Markov chain Monte Carlo}},
  author={Jones, G.L. and Haran, M. and Caffo, B.S. and Neath, R.},
  journal={Journal of the American Statistical Association},
  volume={101},
  number={476},
  pages={1537--1547},
  issn={0162-1459},
  year={2006},
  publisher={ASA}
}

@article{rasmussen2003bayesian,
  title={{Bayesian monte carlo}},
  author={Rasmussen, C.E. and Ghahramani, Z.},
  journal={Advances in neural information processing systems},
  pages={505--512},
  issn={1049-5258},
  year={2003},
  publisher={Citeseer}
}

@article{o1991bayes,
  title={{Bayes-hermite quadrature}},
  author={O'Hagan, A.},
  journal={Journal of Statistical Planning and Inference},
  volume={29},
  number={3},
  pages={245--260},
  issn={0378-3758},
  year={1991},
  publisher={Elsevier}
}

@article{kennedy1998bayesian,
  title={Bayesian quadrature with non-normal approximating functions},
  author={Kennedy, M.},
  journal={Statistics and Computing},
  volume={8},
  number={4},
  pages={365--375},
  year={1998},
  publisher={Springer}
}

@article{osbornebayesian,
  title={Bayesian Gaussian Processes for Sequential Prediction, Optimisation and Quadrature},
  author={Osborne, M.},
  year={2010},
  publisher={Ph.D. thesis, University of Oxford}
}


@book{mackay2003information,
  title={Information theory, inference, and learning algorithms},
  author={MacKay, D.J.C.},
  year={2003},
  publisher={Cambridge Univ Pr}
}


@article{skilling2006nested,
  title={Nested sampling for general Bayesian computation},
  author={Skilling, J.},
  journal={Bayesian Analysis},
  volume={1},
  number={4},
  pages={833--860},
  year={2006},
  publisher={Citeseer}
}

@article{murray2007advances,
  title={Advances in Markov chain Monte Carlo methods},
  author={Murray, I.},
  journal={M. Sci. thesis, University College London},
  year={2007},
  publisher={Citeseer}
}

@article{Qi_hessianbasedmarkov,
    author = {Yuan Qi and Thomas P. Minka},
    title = {Hessian-based Markov Chain Monte-carlo Algorithms},
    year = {2002}
}

% Additive GP References
% ==============================================================



@book{macdonald1998symmetric,
  title={{Symmetric functions and Hall polynomials}},
  author={Macdonald, I.G.},
  isbn={0198504500},
  year={1998},
  publisher={Oxford University Press, USA}
}

@article{christoudias2009bayesian,
  title={{Bayesian localized multiple kernel learning}},
  author={Christoudias, M. and Urtasun, R. and Darrell, T.},
  year={2009},
  publisher={Technical report, EECS Dept., University of California, Berkeley, 2009}
}

@book{stanley2001enumerative,
  title={{Enumerative combinatorics}},
  author={Stanley, R.P.},
  isbn={0521789877},
  year={2001},
  publisher={Cambridge University Press}
}

@article{hofmann2008kernel,
  title={{Kernel methods in machine learning}},
  author={Hofmann, T. and Scholkopf, B. and Smola, A.J.},
  journal={The Annals of Statistics},
  volume={36},
  number={3},
  pages={1171--1220},
  issn={0090-5364},
  year={2008},
  publisher={Institute of Mathematical Statistics}
}

@article{stitson1999support,
  title={{Support vector regression with ANOVA decomposition kernels}},
  author={Stitson, M. and Gammerman, A. and Vapnik, V. and Vovk, V. and Watkins, C. and Weston, J.},
  journal={Advances in kernel methods—Support vector learning},
  pages={285--292},
  year={1999},
  publisher={Citeseer}
}

@article{rasmussen38gaussian,
  title={{Gaussian Processes for Machine Learning}},
  author={Rasmussen, C.E. and Williams, CKI},
  journal={The MIT Press, Cambridge, MA, USA},
  volume={38},
  year={2006},
  pages={715--719}
}

@book{vapnik1998statistical,
  title={{Statistical learning theory}},
  author={Vapnik, V.N.},
  volume={2},
  year={1998},
  publisher={Wiley New York}
}

@book{shawe2004kernel,
  title={{Kernel methods for pattern analysis}},
  author={Shawe-Taylor, J. and Cristianini, N.},
  isbn={0521813972},
  year={2004},
  publisher={Cambridge University Press}
}

@book{gu2002smoothing,
  title={{Smoothing spline ANOVA models}},
  author={Gu, C.},
  isbn={0387953531},
  year={2002},
  publisher={Springer Verlag}
}

@book{wahba1990spline,
  title={{Spline models for observational data}},
  author={Wahba, G.},
  isbn={0898712440},
  year={1990},
  publisher={Society for Industrial Mathematics}
}

@article{craven1978smoothing,
  title={{Smoothing noisy data with spline functions}},
  author={Craven, P. and Wahba, G.},
  journal={Numerische Mathematik},
  volume={31},
  number={4},
  pages={377--403},
  issn={0029-599X},
  year={1978},
  publisher={Springer}
}

@article{friedman1991multivariate,
  title={{Multivariate adaptive regression splines}},
  author={Friedman, J.H.},
  journal={The annals of statistics},
  volume={19},
  number={1},
  pages={1--67},
  issn={0090-5364},
  year={1991},
  publisher={JSTOR}
}

@article{lin2006component,
  title={{Component selection and smoothing in multivariate nonparametric regression}},
  author={Lin, Y. and Zhang, H.H.},
  journal={The Annals of Statistics},
  volume={34},
  number={5},
  pages={2272--2297},
  issn={0090-5364},
  year={2006},
  publisher={Institute of Mathematical Statistics}
}

@INPROCEEDINGS{5589113, 
	author={Hartikainen, J. and Särkkä, S.}, 
	booktitle={2010 IEEE International Workshop on Machine Learning for Signal Processing (MLSP) }, 	
	title={Kalman filtering and smoothing solutions to temporal Gaussian process regression models}, 
	year={2010}, 
	volume={}, 
	number={}, 
	pages={379--384},
	doi={10.1109/MLSP.2010.5589113}, 
	ISSN={1551-2541}
}

@article{DBLP:journals/corr/abs-0909-0844,
  author    = {Francis Bach},
  title     = {High-Dimensional Non-Linear Variable Selection through Hierarchical Kernel Learning},
  journal   = {CoRR},
  volume    = {abs/0909.0844},
  year      = {2009},
  ee        = {http://arxiv.org/abs/0909.0844},
  bibsource = {DBLP, http://dblp.uni-trier.de}
}

@article{reich2009variable,
  title={{Variable selection in Bayesian smoothing spline ANOVA models: Application to deterministic computer codes}},
  author={Reich, B.J. and Storlie, C.B. and Bondell, H.D.},
  journal={Technometrics},
  volume={51},
  number={2},
  pages={110--120},
  issn={0040-1706},
  year={2009},
  publisher={ASA}
}

@article{bengio2006curse,
  title={{The curse of highly variable functions for local kernel machines}},
  author={Bengio, Y. and Delalleau, O. and Le Roux, N.},
  journal={Advances in neural information processing systems},
  volume={18},
  pages={107},
  issn={1049-5258},
  year={2006},
  publisher={Citeseer}
}

@article{plate1999accuracy,
  title={{Accuracy versus interpretability in flexible modeling: Implementing a tradeoff using gaussian process models}},
  author={Plate, T.A.},
  journal={Behaviormetrika},
  volume={26},
  pages={29--50},
  issn={0385-7417},
  year={1999},
  publisher={Citeseer}
}

@book{hastie1990generalized,
  title={Generalized additive models},
  author={Hastie, T.J. and Tibshirani, R.J.},
  year={1990},
  publisher={Chapman \& Hall/CRC}
}


@inproceedings{minka2001expectation,
  title={Expectation propagation for approximate Bayesian inference},
  author={Minka, T.P.},
  booktitle={Uncertainty in Artificial Intelligence},
  volume={17},
  pages={362--369},
  year={2001},
  organization={Citeseer}
}

@article{nocedal1980updating,
  title={Updating quasi-Newton matrices with limited storage},
  author={Nocedal, J.},
  journal={Mathematics of computation},
  volume={35},
  number={151},
  pages={773--782},
  year={1980}
}

@article{friedman1981projection,
  title={Projection pursuit regression},
  author={Friedman, J.H. and Stuetzle, W.},
  journal={Journal of the American statistical Association},
  volume={76},
  number={376},
  pages={817--823},
  year={1981},
  publisher={JSTOR}
}

@article{kaufman2010bayesian,
  title={Bayesian functional ANOVA modeling using Gaussian process prior distributions},
  author={Kaufman, C.G. and Sain, S.R.},
  journal={Bayesian Analysis},
  volume={5},
  number={1},
  pages={123--150},
  year={2010},
  publisher={Citeseer}
}

@article{nelder1972generalized,
  title={Generalized linear models},
  author={Nelder, J.A. and Wedderburn, R.W.M.},
  journal={Journal of the Royal Statistical Society. Series A (General)},
  volume={135},
  number={3},
  pages={370--384},
  year={1972},
  publisher={JSTOR}
}


% Optimization References
% ===============================================

@article{lizotte2008practical,
  title={{Practical bayesian optimization}},
  author={Lizotte, D.J.},
  year={2008},
  publisher={University of Alberta}
}


@conference{osborne2009gaussian,
  title={{Gaussian processes for global optimization}},
  author={Osborne, M.A. and Garnett, R. and Roberts, S.J.},
  booktitle={3rd International Conference on Learning and Intelligent Optimization (LION3)},
  year={2009}
}

@book{russell1991right,
  title={Do the right thing},
  author={Russell, S. and Wefald, E.},
  year={1991},
  publisher={MIT Press}
}


